<record><leader>00000cas a22000007a 4500</leader><controlfield tag="001">12127888</controlfield><controlfield tag="008">850607d19171943paudn ne      0    0eng d</controlfield><datafield ind1=" " ind2=" " tag="010"><subfield code="a">sn 85054629 </subfield></datafield><datafield ind1=" " ind2=" " tag="040"><subfield code="a">NPH</subfield><subfield code="b">eng</subfield><subfield code="c">NPH</subfield><subfield code="d">OCLCQ</subfield></datafield><datafield ind1=" " ind2=" " tag="042"><subfield code="a">msc</subfield></datafield><datafield ind1="0" ind2=" " tag="130"><subfield code="a">DuBois courier (DuBois, Pa. : 1917)</subfield></datafield><datafield ind1="1" ind2="0" tag="245"><subfield code="a">DuBois courier.</subfield></datafield><datafield ind1="1" ind2="3" tag="246"><subfield code="a">DuBois morning courier</subfield></datafield><datafield ind1=" " ind2=" " tag="260"><subfield code="a">DuBois, Pa. :</subfield><subfield code="b">Gray Print. Co.,</subfield><subfield code="c">1917-1943.</subfield></datafield><datafield ind1=" " ind2=" " tag="300"><subfield code="a">26 v.</subfield></datafield><datafield ind1=" " ind2=" " tag="310"><subfield code="a">Daily (except Sunday)</subfield></datafield><datafield ind1="0" ind2=" " tag="362"><subfield code="a">Vol. 30, no. 95 (Apr. 19, 1917) - v. 60, no. 88 (Apr. 30, 1943).</subfield></datafield><datafield ind1=" " ind2=" " tag="752"><subfield code="a">United States</subfield><subfield code="b">Pennsylvania</subfield><subfield code="c">Clearfield</subfield><subfield code="d">DuBois.</subfield></datafield><datafield ind1="0" ind2="0" tag="780"><subfield code="t">DuBois morning courier</subfield><subfield code="w">(DLC)sn 85054628</subfield></datafield><datafield ind1="0" ind2="7" tag="785"><subfield code="t">DuBois express</subfield><subfield code="w">(DLC)sn 85054640</subfield></datafield><datafield ind1="0" ind2="7" tag="785"><subfield code="t">Courier-express (DuBois, Pa. : 1943)</subfield><subfield code="w">(DLC)sn 85054641</subfield></datafield></record>